@ARTICLE {DeBruyneVerdonck10,
    author  = "Debruyne, M. and T. Verdonck",
    title   = "{Robust kernel principal component analysis and classifcation}",
    journal = "Adv. Data Anal. Classif.",
    year    = "2010",
    volume  = "4",
    pages   = "151--167"
}

@ARTICLE {DeBruyneEtal10,
    author  = "Debruyne, M. and M. Hubert and J. Van Horebeek",
    title   = "Detecting {I}nfluential {O}bservations in {K}ernel {PCA}",
    journal = "Comput. Stat. Data Anal.",
    year    = "2010",
    volume  = "54",
    pages   = "3007--3019"
}

@ARTICLE {Gervini08,
    author  = "Gervini, D.",
    title   = "{Robust functional estimation using the spatial median and spherical principal components}",
    journal = "Biometrika",
    year    = "2008",
    volume  = "95",
    pages   = "587--600"
}

@ARTICLE {BaliEtal11,
    author  = "Bali, J. L. and Boente, G. and Tyler, D. E. and Wang, J. L.",
    title   = "{Robust functional principal components: a projection-pursuit approach}",
    journal = "Ann. Statist.",
    year    = "2011",
    volume  = "39",
    pages   = "2852--2882"
}

@ARTICLE{CandesTao10, 
author={E. J. Candes and T. Tao}, 
journal={IEEE Trans. Inf. Theory}, 
title="{The Power of Convex Relaxation: Near-Optimal Matrix Completion}", 
year={2010}, 
volume={56}, 
pages={2053-2080}
}

@ARTICLE{Vaswani,
  author={Vaswani, Namrata and Narayanamurthy, Praneeth},
  journal={Proceedings of the IEEE}, 
  title={Static and Dynamic Robust PCA and Matrix Completion: A Review}, 
  year={2018},
  volume={106},
  number={8},
  pages={1359-1379}}
  
@BOOK {WilksBook,
    author    = "Wilks, D.",
    title     = "Statistical Methods in the Atmospheric Sciences",
    publisher = "Academic Press",
    year      = "2011",
    volume    = "100",
    edition   = "third"
}

@BOOK {AlexanderBook,
    author    = "Alexander, C.",
    title     = "Market Risk Analysis Volume III, Pricing, Hedging and Trading Financial Instruments",
    publisher = "Wiley",
    year      = "2008"
}

@INPROCEEDINGS{AlkandariAljaber15, 
author={A. Alkandari and S. J. Aljaber}, 
booktitle={2015 Second International Conference on Computing Technology and Information Management (ICCTIM)}, 
title="{Principle Component Analysis algorithm (PCA) for image recognition}", 
year={2015}, 
pages={76-80}, 
doi={10.1109/ICCTIM.2015.7224596}
}

@BOOK {BerryCastellanos,
    author    = "Berry, M. W. and M. Castellanos",
    title     = "Survey of Text Mining II: Clustering, Classification, and Retrieval",
    publisher = "Springer",
    year      = "2007"
}

%done
@article{ref:JASA93505_PCA,
  title={Robust Singular Value Decompositions: {A} New Approach To Projection Pursuit},
  author={Ammann, Larry P},
  journal={Journal of the American Statistical Association},
  volume={88},
  number={422},
  pages={505--514},
  year={1993},
  publisher={Taylor \& Francis}
}

%done
@inproceedings{ref:ICML141341_PCA,
  title={Memory And Computation Efficient {PCA} Via Very Sparse Random Projections},
  author={Anaraki, Farhad Pourkamali and Hughes, Shannon},
  booktitle={International Conference on Machine Learning},
  pages={1341--1349},
  year={2014},
  organization={PMLR}
}


%done
@article{ref:IEEETransSignalProciessing123964_RPCA_Bayesian,
  title = {Sparse {B}ayesian Methods for Low-Rank Matrix Estimation},
  author = {Babacan, S Derin and Luessi, Martin and Molina, Rafael and Katsaggelos, Aggelos K},
  journal = {IEEE Transactions on Signal Processing},
  volume = {60},
  number = {8},
  pages = {3964 -- 3977},
  year = {2012},
  publisher = {IEEE}
}


%done
@article{ref:StatScience12450_PCA,
  title = {Structured Sparsity Through Convex Optimization},
  author = {Bach, Francis and Jenatton, Rodolphe and Mairal, Julien and Obozinski, Guillaume},
  journal = {Statistical Science},
  volume = {27},
  number = {4},
  pages = {450 -- 468},
  year = {2012},
  publisher = {Institute of Mathematical Statistics}
}


%not cited
@article{ref:AoS112852_Balietal_PCA_Functional_Robust,
  title = {Robust Functional Principal Components: {A} Projection-Pursuit Approach},
  author = {Bali, Juan Lucas and Boente, Graciela and Tyler, David E and Wang, Jane-Ling},
  journal = {The Annals of Statistics},
  volume = {39},
  number = {6},
  pages = {2852 -- 2882},
  year = {2011},
  publisher = {Institute of Mathematical Statistics}
}

%done
@inproceedings{ref:ICDM14698_PCA,
  title={Efficient Anomaly Detection By Isolation Using Nearest Neighbour Ensemble},
  author={Bandaragoda, Tharindu R and Ting, Kai Ming and Albrecht, David and Liu, Fei Tony and Wells, Jonathan R},
  booktitle={2014 IEEE International Conference on Data Mining Workshop},
  pages={698--705},
  year={2014},
  organization={IEEE}
}

%done
@article{ref:TransactionsOnImageProcessing123794_PCA,
  title = {Inductive Robust Principal Component Analysis},
  author = {Bao, Bing-Kun and Liu, Guangcan and Xu, Changsheng and Yan, Shuicheng},
  journal = {IEEE Transactions on Image Processing},
  volume = {21},
  number = {8},
  pages = {3794 -- 3800},
  year = {2012},
  publisher = {IEEE}
}

%done
@inproceedings{becker2011tfocs,
  title={TFOCS: flexible first-order methods for rank minimization},
  author={Becker, Stephen and Candes, E and Grant, M},
  booktitle={Low-rank Matrix Optimization Symposium, SIAM Conference on Optimization},
  year={2011}
}


%done
@article{ref:JASA151100_BoenteSalibianBarrera,
  title = {$S$-Estimators for Functional Principal Component Analysis},
  author = {Boente, Graciela and Salibian-Barrera, Mat{\'\i}as},
  journal = {Journal of the American Statistical Association},
  volume = {110},
  number = {511},
  pages = {1100 -- 1111},
  year = {2015},
  publisher = {Taylor \& Francis}
}

%done
@article{ref:CVIU1422_RPCA_Review,
  title = {Robust {PCA} via Principal Component Pursuit: {A} Review for a 
  		Comparative Evaluation in Video Surveillance},
  author = {Bouwmans, Thierry and Zahzah, El Hadi},
  journal = {Computer Vision and Image Understanding},
  volume = {122},
  pages = {22 -- 34},
  year = {2014},
  publisher = {Elsevier}
}

%done
@inproceedings{brubaker2009robust,
  title = {Robust {PCA} and Clustering in Noisy Mixtures},
  author = {Brubaker, S Charles},
  booktitle = {Proceedings of the Twentieth Annual {ACM-SIAM} Symposium 
  		on Discrete Algorithms},
  pages = {1078 -- 1087},
  year = {2009},
  organization = {SIAM}
}

%done
@article{ref:JACM111_Candesetal_RPCA,
 author = {Cand\`{e}s, Emmanuel J. and Li, Xiaodong and Ma, Yi and Wright, John},
 title = {Robust Principal Component Analysis?},
 journal = {Journal of the ACM},
 issue_date = {May 2011},
 volume = {58},
 number = {3},
 month = jun,
 year = {2011},
 issn = {0004-5411},
 pages = {1 -- 37},
 articleno = {11},
 numpages = {37},
 url = {http://doi.acm.org/10.1145/1970392.1970395},
 doi = {10.1145/1970392.1970395},
 acmid = {1970395},
 publisher = {ACM},
 address = {New York, NY, USA},
} 

%done
@article{ref:JRSSB17959_Samworth,
  title={Random-Projection Ensemble Classification},
  author={Cannings, Timothy and Samworth, Richard J},
  journal={Journal of the Royal Statistical Society: Series B},
  volume={79},
  number={4},
  pages={959--1035},
  year={2017},
  publisher={Wiley-Blackwell}
}

%not cited
@article{ref:Bernoulli1318_Cardotetal_Hilbert_Quantile,
  title = {Efficient and Fast Estimation of the Geometric Median in {H}ilbert 
  		Spaces with an Averaged Stochastic Gradient Algorithm},
  author = {Cardot, Herv{\'e} and C{\'e}nac, Peggy and Zitt, Pierre-Andr{\'e}},
  journal = {Bernoulli},
  volume = {19},
  number = {1},
  pages = {18 -- 43},
  year = {2013},
  publisher = {Bernoulli Society for Mathematical Statistics and Probability}
}

%not cited
@article{ref:AoS17591_AoSCardotetal_Median_HilbertSpace,
  title = {Online Estimation of the Geometric Median in {H}ilbert Spaces: 
  		{N}onasymptotic Confidence Balls},
  author  = {Cardot, Herv{\'e} and C{\'e}nac, Peggy and Godichon-Baggioni, Antoine},
  journal = {The Annals of Statistics},
  volume = {45},
  number = {2},
  pages = {591 -- 614},
  year = {2017},
  publisher = {Institute of Mathematical Statistics}
}


%not cited
@article{ref:AoS141203_ChakrabortyChaudhuri_Banach_Quantile,
  title = {The Spatial Distribution in Infinite Dimensional Spaces and 
  		Related Quantiles and Depths},
  author = {Chakraborty, Anirvan and Chaudhuri, Probal},
  journal = {The Annals of Statistics},
  volume = {42},
  number = {3},
  pages = {1203 -- 1231},
  year = {2014},
  publisher = {Institute of Mathematical Statistics}
}

%done
@article{ref:SIAMJOpt11572_Chandrasekaran_RPCA,
  title = {Rank-Sparsity Incoherence for Matrix Decomposition},
  author = {Chandrasekaran, Venkat and Sanghavi, Sujay and Parrilo, Pablo A and Willsky, Alan S},
  journal = {SIAM Journal on Optimization},
  volume = {21},
  number = {2},
  pages = {572 -- 596},
  year = {2011},
  publisher = {SIAM}
}

%not cited
@article{ref:JASA96862_Chaudhuri,
  title = {On a Geometric Notion of Quantiles for Multivariate Data},
  author = {Chaudhuri, Probal},
  journal = {Journal of the American Statistical Association},
  volume = {91},
  number = {434},
  pages = {862 -- 872},
  year = {1996},
  publisher = {The American Statistical Association}
}

%done
@article{ref:CSDA061441_RPCA,
  title={$L_{1}$-Norm Projection Pursuit Principal Component Analysis},
  author={Choulakian, Vartan},
  journal={Computational Statistics \& Data Analysis},
  volume={50},
  number={6},
  pages={1441--1451},
  year={2006},
  publisher={Elsevier}
}

%done
@article{ref:Biometrika00603_CrouxHaesbroeck_RPCA,
  title = {Principal Component Analysis Based on Robust Estimators of the 
  		Covariance or Correlation Matrix: Influence Functions and Efficiencies},
  author={Croux, Christophe and Haesbroeck, Gentiane},
  journal={Biometrika},
  volume={87},
  number={3},
  pages={603--618},
  year={2000},
  publisher={Oxford University Press}
}


%done
@article{ref:JMVA05206_RPCA_Croux,
  title = {High Breakdown Estimators for Principal Components: the 
  		Projection-Pursuit Approach Revisited},
  author = {Croux, Christophe and Ruiz-Gazen, Anne},
  journal = {Journal of Multivariate Analysis},
  volume = {95},
  number = {1},
  pages = {206 -- 226},
  year = {2005},
  publisher = {Elsevier}
}

%done
@article{croux2007algorithms,
  title = {Algorithms for Projection--Pursuit Robust Principal Component Analysis},
  author = {Croux, Christophe and Filzmoser, Peter and Oliveira, Maria Rosario},
  journal = {Chemometrics and Intelligent Laboratory Systems},
  volume = {87},
  number = {2},
  pages = {218 -- 225},
  year = {2007},
  publisher = {Elsevier}
}

%done
@article{ref:SJS11332_Croux_SEstimator,
  title={On the Optimality of Multivariate {S}-Estimators},
  author={Croux, Christophe and Dehon, Catherine and Yadine, Abdelilah},
  journal={Scandinavian Journal Of Statistics},
  volume={38},
  number={2},
  pages={332--341},
  year={2011},
  publisher={Wiley Online Library}
}


%done
@article{ref:Technometrics13202_Croux_PCA,
  title = {Robust Sparse Principal Component Analysis},
  author = {Croux, Christophe and Filzmoser, Peter and Fritz, Heinrich},
  journal = {Technometrics},
  volume = {55},
  number = {2},
  pages = {202 -- 214},
  year = {2013},
  publisher = {Taylor \& Francis}
}

%done
@article{ref:Biometrika03953_Cuietal_RPCA,
  title = {Asymptotic Distributions of Principal Components Based on Robust Dispersions},
  author = {Cui, Hengjian and He, Xuming and Ng, Kai W},
  journal = {Biometrika},
  volume = {90},
  number = {4},
  pages = {953 -- 966},
  year = {2003},
  publisher = {Oxford University Press}
}

%done
@inproceedings{ref:ICML212341_PCA,
  title={Fixed-Parameter and Approximation Algorithms for {PCA} with Outliers},
  author={Dahiya, Yogesh and Fomin, Fedor and Panolan, Fahad and Simonov, Kirill},
  booktitle={International Conference on Machine Learning},
  pages={2341--2351},
  year={2021},
  organization={PMLR}
}

% not cited
@incollection{dasgupta2003subspace,
  title = {Subspace Detection: {A} Robust Statistics Formulation},
  author = {Dasgupta, Sanjoy},
  booktitle = {Learning Theory and Kernel Machines},
  pages = {734 -- 734},
  year = {2003},
  publisher = {Springer}
}

%done
@article{ref:AoS871269_Robust,
  title={Asymptotic Behaviour Of $ S $-Estimates Of Multivariate Location Parameters And Dispersion Matrices},
  author={Davies, P Laurie},
  journal={The Annals of Statistics},
  volume={15},
  number={3},
  pages={1269--1292},
  year={1987},
  publisher={Institute of Mathematical Statistics}
}

%done
@article{ref:IJCV03117_RPCA,
  title = {A Framework for Robust Subspace Learning},
  author = {De La Torre, Fernando and Black, Michael J},
  journal = {International Journal of Computer Vision},
  volume = {54},
  number = {1 - 3},
  pages = {117 -- 142},
  year = {2003},
  publisher = {Springer}
}

%done
@article{ref:JASA81354_Devlinetal_RPCA,
  title = {Robust Estimation of Dispersion Matrices and Principal Components},
  author = {Devlin, Susan J and Gnanadesikan, Ramanathan and Kettenring, Jon R},
  journal = {Journal of the American Statistical Association},
  volume = {76},
  number = {374},
  pages = {354 -- 362},
  year = {1981},
  publisher = {Taylor \& Francis}
}

%done
@article{ref:TransactionsInImageProcessing113419_PCA_Bayesian,
  title = {Bayesian Robust Principal Component Analysis},
  author = {Ding, Xinghao and He, Lihan and Carin, Lawrence},
  journal = {IEEE Transactions on Image Processing},
  volume = {20},
  number = {12},
  pages = {3419 -- 3430},
  year = {2011},
  publisher = {IEEE}
}

%done
@inproceedings{ref:ICML212739_PCA,
  title={Dual Principal Component Pursuit for Robust Subspace Learning: Theory and Algorithms for a Holistic Approach},
  author={Ding, Tianyu and Zhu, Zhihui and Vidal, Rene and Robinson, Daniel P},
  booktitle={International Conference on Machine Learning},
  pages={2739--2748},
  year={2021},
  organization={PMLR}
}

%done
@article{ref:AISM98471_PCA,
  title={On {T}yler's $M$-Functional Of Scatter In High Dimension},
  author={D{\"u}mbgen, Lutz},
  journal={Annals of the Institute of Statistical Mathematics},
  volume={50},
  number={3},
  pages={471--491},
  year={1998},
  publisher={Springer}
}

%done
@article{dunagan2004optimal,
  title = {Optimal Outlier Removal in High-Dimensional Spaces},
  author = {Dunagan, John and Vempala, Santosh},
  journal = {Journal of Computer and System Sciences},
  volume = {68},
  number = {2},
  pages = {335 -- 373},
  year = {2004},
  publisher = {Elsevier}
}

%%% NEEDS TO BE DONE
@article{ref:SIAMJAPPMath20977_Kutz_SPCA,
  title= {Sparse Principal Component Analysis Via Variable Projection},
  author={Erichson, N Benjamin and Zheng, Peng and Manohar, Krithika and Brunton, Steven L and Kutz, J Nathan and Aravkin, Aleksandr Y},
  journal={SIAM Journal on Applied Mathematics},
  volume={80},
  number={2},
  pages={977--1002},
  year={2020},
  publisher={SIAM}
}

% not cited
@article{ref:JRSSB13603_Fan_PCA,
  title = {Large Covariance Estimation by Thresholding Principal Orthogonal Complements},
  author = {Fan, Jianqing and Liao, Yuan and Mincheva, Martina},
  journal = {Journal of the Royal Statistical Society: Series B (Statistical Methodology)},
  volume = {75},
  number = {4},
  pages = {603 -- 680},
  year = {2013},
  publisher = {Wiley Online Library}
}

%done
@inproceedings{ref:NIPS13404_PCA,
  title = {Online Robust {PCA} Via Stochastic Optimization},
  author = {Feng, Jiashi and Xu, Huan and Yan, Shuicheng},
  booktitle = {Advances in Neural Information Processing Systems},
  pages = {404 -- 412},
  year = {2013}
}

@article{fischler1981random,
  title={Random sample consensus: a paradigm for model fitting with applications to image analysis and automated cartography},
  author={Fischler, Martin A and Bolles, Robert C},
  journal={Communications of the ACM},
  volume={24},
  number={6},
  pages={381--395},
  year={1981},
  publisher={ACM New York, NY, USA}
}

%done
@article{fisher1936use,
  title={The use of multiple measurements in taxonomic problems},
  author={Fisher, Ronald A},
  journal={Annals of Eugenics},
  volume={7},
  number={2},
  pages={179--188},
  year={1936},
  publisher={Wiley Online Library}
}


%done
@article{ref:IEEETransactionsOnImageProcessing092230_PCA,
  title={Compressive-Projection Principal Component Analysis},
  author={Fowler, James E},
  journal={IEEE Transactions On Image Processing},
  volume={18},
  number={10},
  pages={2230--2242},
  year={2009},
  publisher={IEEE}
}

%done
@misc{ref:Arxiv1712.05630_PCA_Samworth,
  title={Sparse principal component analysis via random projections},
  author={Gataric, Milana and Wang, Tengyao and Samworth, Richard J},
  journal={arXiv preprint arXiv:1712.05630},
  year={2017}
}

%done
@article{ref:JRSSB20329_PCA_Samworth,
  title={Sparse principal component analysis via axis-aligned random projections},
  author={Gataric, Milana and Wang, Tengyao and Samworth, Richard J},
  journal={Journal of the Royal Statistical Society: Series B (Statistical Methodology)},
  volume={82},
  number={2},
  pages={329--359},
  year={2020},
  publisher={Wiley Online Library}
}

@article{ref:IEEEPAMI01643_PCA,
  title={From few to many: Illumination cone models for face recognition under variable lighting and pose},
  author={Georghiades, Athinodoros S. and Belhumeur, Peter N. and Kriegman, David J.},
  journal={IEEE transactions on pattern analysis and machine intelligence},
  volume={23},
  number={6},
  pages={643--660},
  year={2001},
  publisher={IEEE}
}


%done
@article{ref:Biometrics7281_Gnanadesikanetal_RPCA,
  title = {Robust Estimates, Residuals, and Outlier Detection with Multiresponse Data},
  author = {Gnanadesikan, Ramanathan and Kettenring, John R},
  journal = {Biometrics},
  pages = {81 -- 124},
  year = {1972}
}

% NEEDS TO BE CITED
@inproceedings{ref:AISTAT14266_RPCA_Gilad,
  title={Robust Stochastic Principal Component Analysis},
  author={Goes, John and Zhang, Teng and Arora, Raman and Lerman, Gilad},
  booktitle={Artificial Intelligence and Statistics},
  pages={266--274},
  year={2014},
  organization={PMLR}
}

% not cited
@article{ref:Biometrika48414_Haldane,
  title = {Note on the Median of a Multivariate Distribution},
  author = {Haldane, J. B. S.},
  journal = {Biometrika},
  volume = {35},
  number = {3 - 4},
  pages = {414 -- 417},
  year = {1948},
  publisher = {Oxford University Press}
}

%done
@article{ref:CSDA17144_RPCA_Bayesian,
  title = {Bayesian Robust Principal Component Analysis with Structured Sparse Component},
  author = {Han, Ningning and Song, Yumeng and Song, Zhanjie},
  journal = {Computational Statistics \& Data Analysis},
  volume = {109},
  pages = {144 -- 158},
  year = {2017},
  publisher = {Elsevier}
}

% NEEDS TO BE CITED (not cited after reading, but intereting paper)
@inproceedings{ref:NIPS142861_PCA,
  title = {The Noisy Power Method: A Meta Algorithm With Applications},
  author = {Hardt, Moritz and Price, Eric},
  booktitle = {Advances in Neural Information Processing Systems},
  pages = {2861 -- 2869},
  year = {2014}
}

%done
@article{ref:SPL92413_SEstimator,
  title={On the optimality of {S}-estimators},
  author={H{\"o}ssjer, Ola},
  journal={Statistics \& Probability Letters},
  volume={14},
  number={5},
  pages={413--419},
  year={1992},
  publisher={Elsevier}
}

%done
@article{ref:JEducationalPsychology33417_Hotelling_PCA,
  title = {Analysis of a Complex of Statistical Variables Into Principal Components},
  author = {Hotelling, Harold},
  journal = {Journal of Educational Psychology},
  volume = {24},
  number = {6},
  pages = {417 -- 441},
  year = {1933},
  publisher = {Warwick \& York}
}

%done
@article{ref:JEducationalPsychology33498_Hotelling_PCA,
  title = {Analysis of a Complex of Statistical Variables Into Principal Components},
  author = {Hotelling, Harold},
  journal = {Journal of Educational Psychology},
  volume = {24},
  number = {6},
  pages = {498 -- 520},
  year = {1933},
  publisher = {Warwick \& York}
}

% not cited
@article{ref:PhysicsReviewE05026124_PCA,
  title={Principal-component-analysis eigenvalue spectra from data with symmetry-breaking structure},
  author={Hoyle, David C and Rattray, Magnus},
  journal={Physical Review E},
  volume={69},
  number={2},
  pages={026124},
  year={2004},
  publisher={APS}
}

%done
@book{ref:Huber81_RobustStatistics,
  title = {Robust Statistics},
  author = {Huber, Peter J},
  series = {Wiley Series in Probability and Mathematical Statistics},
  publisher = {Wiley}, 
  address = {New York},
  year={1981}
}

%done
@article{huber2009robust,
  title={Robust Statistics, 2nd Edn. Hoboken},
  author={Huber, Peter J and Ronchetti, Elvezio M},
  journal={NJ: Wiley, doi},
  volume={10},
  pages={9780470434697},
  year={2009}
}

%done
@article{ref:Technometrics0564_Hubert_RPCA,
  title={{ROBPCA}: A New Approach To Robust Principal Component Analysis},
  author={Hubert, Mia and Rousseeuw, Peter J and Vanden Branden, Karlien},
  journal={Technometrics},
  volume={47},
  number={1},
  pages={64--79},
  year={2005},
  publisher={Taylor \& Francis}
}

%done
@book{ref:Jackson91_Book,
  title={A User's Guide To Principal Components},
  author={Jackson, J Edward},
  year={1991},
  publisher={John Wiley \& Sons}
}

%not cited
@inproceedings{ref:ICCVW15921_Kutz_PCA_DMD,
  title={Multi-resolution dynamic mode decomposition for foreground/background separation and object tracking},
  author={Kutz, J Nathan and Fu, Xing and Brunton, Steve L and Erichson, N Benjamin},
  booktitle={2015 IEEE International Conference on Computer Vision Workshop (ICCVW)},
  pages={921--929},
  year={2015},
  organization={IEEE}
}
%done
@article{ref:IEEETransactionsOnIT116256_RMT,
  title={A Random Matrix-Theoretic Approach To Handling Singular Covariance Estimates},
  author={Marzetta, Thomas L and Tucci, Gabriel H and Simon, Steven H},
  journal={IEEE Transactions on Information Theory},
  volume={57},
  number={9},
  pages={6256--6271},
  year={2011},
  publisher={IEEE}
}

% not cited
@incollection{ref:JaupiSaporta93_BookChapter,
  title={Using the Influence Function in Robust Principal Components Analysis}, 
  booktitle = {New Directions in Statistical Data Analysis and Robustness}, 
  editor = {Morgenthaler, S. and Ronchetti, E. and Stahel, W. A},
  author={Jaupi, L and Saporta, G},
  year={1993},
  pages = {147 -- 156},
  publisher={Birkh{\"a}user Basel}
}

%done
@article{ref:PTRSA16_Jolliffe_PCA_Review,
  title = {Principal Component Analysis: A Review and Recent Developments},
  author = {Jolliffe, Ian T and Cadima, Jorge},
  journal = {Philosophical Transactions of the Royal Society A: Mathematical, Physical and Engineering Sciences},
  volume = {374},
  number = {2065},
  pages = {20150202},
  year = {2016},
  publisher = {The Royal Society Publishing}
}

%done
@inproceedings{kaloorazi2016switched,
  title={Switched-randomized robust {PCA} for foreground and background separation in video surveillance},
  author={Kaloorazi, Maboud F and de Lamare, Rodrigo C},
  booktitle={2016 IEEE Sensor Array and Multichannel Signal Processing Workshop (SAM)},
  pages={1--5},
  year={2016},
  organization={IEEE}
}

% not cited
@article{ref:AoS97435_Koltchinskii,
  title = {\textit{M}-estimation, Convexity and Quantiles},
  author = {Koltchinskii, V. I.},
  journal = {The Annals of Statistics},
  volume = {25},
  number = {2},
  pages = {435 -- 477},
  year = {1997},
  publisher = {Institute of Mathematical Statistics}
}

%not cited
@article{ref:Biometrika12813_KrausPanaretor_FDA_Robust,
  title = {Dispersion Operators and Resistant Second-Order Functional Data Analysis},
  author = {Kraus, David and Panaretos, Victor M.},
  journal = {Biometrika},
  volume = {99},
  number = {4},
  pages = {813 -- 832},
  year = {2012},
  publisher = {Oxford University Press}
}

%done
@article{ref:IEEETransPAMI081672_RPCA,
  title = {Principal Component Analysis Based on $L1$-Norm Maximization},
  author = {Kwak, Nojun},
  journal = {IEEE Transactions on Pattern Analysis and Machine Intelligence},
  volume = {30},
  number = {9},
  pages = {1672 -- 1680},
  year = {2008},
  publisher = {IEEE}
}


@article{ref:PAMI05684_PCA,
  title={Acquiring linear subspaces for face recognition under variable lighting},
  author={Lee, Kuang-Chih and Ho, Jeffrey and Kriegman, David J},
  journal={IEEE Transactions on pattern analysis and machine intelligence},
  volume={27},
  number={5},
  pages={684--698},
  year={2005},
  publisher={IEEE}
}

%done
@article{ref:ProceedingsIEEE181380_RPCA_Lerman_Review,
  title={An Overview Of Robust Subspace Recovery},
  author={Lerman, Gilad and Maunu, Tyler},
  journal={Proceedings of the IEEE},
  volume={106},
  number={8},
  pages={1380--1410},
  year={2018},
  publisher={IEEE}
}

%done
@article{ref:EJS14795_MultQuant,
  title={A new concept of quantiles for directional data and the angular {M}ahalanobis depth},
  author={Ley, Christophe and Sabbah, Camille and Verdebout, Thomas},
  journal={Electronic Journal of Statistics},
  volume={8},
  number={1},
  pages={795--816},
  year={2014},
  publisher={Institute of Mathematical Statistics and Bernoulli Society}
}

%done
@article{ref:JASA85759_RPCA,
  title = {Projection-Pursuit Approach to Robust Dispersion Matrices and 
  		Principal Components: Primary Theory and {M}onte {C}arlo},
  author = {Li, Guoying and Chen, Zhonglian},
  journal = {Journal of the American Statistical Association},
  volume = {80},
  number = {391},
  pages = {759 -- 766},
  year = {1985},
  publisher = {Taylor \& Francis}
}



%done
@inproceedings{ref:NeurIPS11612_RPCA_Ctype,
  title={Linearized Alternating Direction Method With Adaptive Penalty For Low-Rank Representation},
  author={Lin, Zhouchen and Liu, Risheng and Su, Zhixun},
  booktitle={Proceedings of the 24th International Conference on Neural Information Processing Systems},
  pages={612--620},
  year={2011}
}


%done
@article{ref:AoS921468_LiuSingh_Depth_Spherical,
  title={Ordering directional data: concepts of data depth on circles and spheres},
  author={Liu, Regina Y and Singh, Kesar},
  journal={The Annals of Statistics},
  volume={20},
  number={3},
  pages={1468--1484},
  year={1992},
  publisher={Institute of Mathematical Statistics}
}

%done
@inproceedings{ref:ICML10663_Liu_RPCA,
  title = {Robust Subspace Segmentation by Low-Rank Representation},
  author = {Liu, Guangcan and Lin, Zhouchen and Yu, Yong},
  booktitle = {Proceedings of the 27th International Conference on Machine 
  	Learning (ICML-10)},
  pages = {663--670},
  year = {2010}
}



%done
@article{ref:Test991_RPCA_FPCA,
  title={Robust Principal Component Analysis For Functional Data},
  author={Locantore, N and Marron, JS and Simpson, DG and Tripoli, N and Zhang, JT and Cohen, KL and Boente, Graciela and Fraiman, Ricardo and Brumback, Babette and Croux, Christophe and others},
  journal={Test},
  volume={8},
  number={1},
  pages={1--73},
  year={1999},
  publisher={Springer}
}

%done
@article{ref:Biometrika14673_MagyarTyler,
  title = {The Asymptotic Inadmissibility of the Spatial Sign Covariance 
  		Matrix for Elliptically Symmetric Distributions},
  author = {Magyar, Andrew F. and Tyler, David E.},
  journal = {Biometrika},
  volume = {101},
  number = {3},
  pages = {673--688},
  year = {2014},
  publisher = {Oxford University Press}
}

%done
@article{majumdar2019weighted,
  title={On Weighted Multivariate Sign Functions},
  author={Majumdar, Subhabrata and Chatterjee, Snigdhansu},
  journal={arXiv preprint arXiv:1905.02700},
  year={2019}
}

%done
@article{ref:SPL99349_PCA,
  title={Some Robust Estimates Of Principal Components},
  author={Marden, John I},
  journal={Statistics And Probability Letters},
  volume={43},
  number={4},
  pages={349--359},
  year={1999},
  publisher={Elsevier}
}

%done
@article{ref:AoS7651_Maronna_Robust,
  title={Robust $ M $-Estimators of Multivariate Location and Scatter},
  author={Maronna, Ricardo Antonio},
  journal={Annals of Statistics},
  volume={4},
  number={1},
  pages={51--67},
  year={1976},
  publisher={Institute of Mathematical Statistics}
}


%done
@article{ref:Technometrics05264_Maronna_RCPA,
  title = {Principal Components and Orthogonal Regression Based on Robust Scales},
  author = {Maronna, Ricardo},
  journal = {Technometrics},
  volume = {47},
  number = {3},
  pages = {264 -- 273},
  year = {2005},
  publisher = {Taylor \& Francis}
}

% not cited
@book{maronna2018robust,
  title = {Robust Statistics: Theory and Methods},
  author = {Maronna, Ricardo A and Martin, R Douglas and Yohai, Victor J and Salibi{\'a}n-Barrera, Mat{\'\i}as},
  year = {2018},
  publisher = {Wiley}
}


%done
@article{ref:TransactionsOnSignalProcessing125176_PCA,
  title = {Robust {PCA} as Bilinear Decomposition with Outlier-Sparsity Regularization},
  author = {Mateos, Gonzalo and Giannakis, Georgios B},
  journal = {IEEE Transactions on Signal Processing},
  volume = {60},
  number = {10},
  pages = {5176 -- 5190},
  year = {2012},
  publisher = {IEEE}
}


%done
@article{ref:EJS111123_Tropp_RPCA,
  title = {Two Proposals for Robust {PCA} Using Semidefinite Programming},
  author = {McCoy, Michael and Tropp, Joel A.},
  journal = {Electronic Journal of Statistics},
  volume = {5},
  pages = {1123 -- 1160},
  year = {2011},
  publisher = {The Institute of Mathematical Statistics and the Bernoulli Society}
}

%done
@article{ref:IEEETransactionsOnSIgnalProcessing192439_PCA,
  title={Structured and unstructured outlier identification for robust pca: A fast parameter free algorithm},
  author={Menon, Vishnu and Kalyani, Sheetal},
  journal={IEEE Transactions on Signal Processing},
  volume={67},
  number={9},
  pages={2439--2452},
  year={2019},
  publisher={IEEE}
}

% not cited
@article{ref:Bernoulli152308_Minsker_Median_Banach,
  title = {Geometric Median and Robust Estimation in {B}anach Spaces},
  author = {Minsker, Stanislav},
  journal = {Bernoulli},
  volume = {21},
  number = {4},
  pages = {2308 -- 2335},
  year = {2015},
  publisher = {Bernoulli Society for Mathematical Statistics and Probability}
}

%done
@article{ref:JNonpara95201_MottonenOja95,
  title={Multivariate spatial sign and rank methods},
  author={M{\"o}tt{\"o}nen, Jyrki and Oja, Hannu},
  journal={Journal of Nonparametric Statistics},
  volume={5},
  number={2},
  pages={201--213},
  year={1995},
  publisher={Taylor \& Francis}
}

%done
@inproceedings{mu2011accelerated,
  title={Accelerated low-rank visual recovery by random projection},
  author={Mu, Yadong and Dong, Jian and Yuan, Xiaotong and Yan, Shuicheng},
  booktitle={CVPR 2011},
  pages={2609--2616},
  year={2011},
  organization={IEEE}
}

%done
@inproceedings{ref:NIPS141107_Netrapalli_PCA,
  title = {Non-Convex Robust {PCA}},
  author = {Netrapalli, Praneeth and Niranjan, U N and Sanghavi, Sujay and Anandkumar, Animashree and Jain, Prateek},
  booktitle = {Advances in Neural Information Processing Systems},
  pages = {1107 -- 1115},
  year = {2014}
}

%done
@article{ref:Biometrika15573_PCA,
  title={A Cautionary Note On Robust Covariance Plug-In Methods},
  author={Nordhausen, Klaus and Tyler, David E},
  journal={Biometrika},
  volume={102},
  number={3},
  pages={573--588},
  year={2015},
  publisher={Oxford University Press}
}

%done
@article{ref:Pearson1901559_PCA,
  title = {{LIII.} On Lines and Planes of Closest Fit to Systems of Points in Space},
  author = {Pearson, Karl},
  journal = {The London, Edinburgh, and Dublin Philosophical Magazine and Journal of Science},
  volume = {2},
  number = {11},
  pages = {559--572},
  year = {1901},
  publisher = {Taylor \& Francis}
}

%not cited
@article{ref:AoP941679_Pinelis_Martingale_Banach,
  title = {Optimum Bounds for the Distributions of Martingales in {B}anach Spaces},
  author = {Pinelis, Iosif},
  journal = {The Annals of Probability},
  volume = {22},
  number = {4},
  pages = {1679--1706},
  year = {1994},
  publisher = {Institute of Mathematical Statistics}
}


%done
@inproceedings{qi2012invariance,
  title={Invariance of principal components under low-dimensional random projection of the data},
  author={Qi, Hanchao and Hughes, Shannon M},
  booktitle={2012 19th IEEE International Conference on Image Processing},
  pages={937--940},
  year={2012},
  organization={IEEE}
}

%done
@article{ref:Test14356_SEstimator,
  title={On consistency factors and efficiency of robust S-estimators},
  author={Riani, Marco and Cerioli, Andrea and Torti, Francesca},
  journal={Test},
  volume={23},
  number={2},
  pages={356--387},
  year={2014},
  publisher={Springer}
}

%done
@incollection{rousseeuw1985multivariate,
  title={Multivariate estimation with high breakdown point},
  author={Rousseeuw, Peter J},
  booktitle = {Mathematical Statistics and Applications},
  volume = {B}, 
  editor = {Grossmann, W. and Pflug, G.  and Vincze, I.  and Wertz, W. },
  pages = {283 -- 297},
  year = {1985},
  publisher = {Dordrecht: Reidel}
}

%done
@book{rousseeuw2005robust,
  title={Robust regression and outlier detection},
  author={Rousseeuw, Peter J and Leroy, Annick M},
  year={1987},
  publisher={John wiley \& sons}
}

%done
@article{ref:EJS183673_PCA,
  title={On principal components regression, random projections, and column subsampling},
  author={Slawski, Martin},
  journal={Electronic Journal of Statistics},
  volume={12},
  number={2},
  pages={3673--3712},
  year={2018},
  publisher={Institute of Mathematical Statistics and Bernoulli Society}
}

%done
@article{ref:Bioinformatics071164_PCA,
  title={pcaMethods—a bioconductor package providing PCA methods for incomplete data},
  author={Stacklies, Wolfram and Redestig, Henning and Scholz, Matthias and Walther, Dirk and Selbig, Joachim},
  journal={Bioinformatics},
  volume={23},
  number={9},
  pages={1164--1167},
  year={2007},
  publisher={Oxford University Press}
}

%done
@article{ref:JAppliedRemoteSensing18015015_PCA,
  title={Randomized subspace-based robust principal component analysis for hyperspectral anomaly detection},
  author={Sun, Weiwei and Yang, Gang and Li, Jialin and Zhang, Dianfa},
  journal={Journal of Applied Remote Sensing},
  volume={12},
  number={1},
  pages={015015},
  year={2018},
  publisher={International Society for Optics and Photonics}
}

%done
@inproceedings{ref:ACISS101_RPCA,
  title = {Robust Principal Component Analysis Based on Low-Rank and Block-Sparse 
  		Matrix Decomposition},
  author = {Tang, Gongguo and Nehorai, Arye},
  booktitle = {2011 45th Annual Conference on Information Sciences and Systems},
  pages = {1 -- 5},
  year = {2011},
  organization = {IEEE}
}

%done
@article{ref:SPL12765_Taskinenetal,
  title = {Robustifying Principal Component Analysis with Spatial Sign Vectors},
  author = {Taskinen, Sara and Koch, Inge and Oja, Hannu},
  journal = {Statistics \& Probability Letters},
  volume = {82},
  number = {4},
  pages = {765 -- 774},
  year = {2012},
  publisher = {Elsevier}
}

%done
@article{ref:AoS87234_Tyler,
  title = {A Distribution-Free $ M $-Estimator of Multivariate Scatter},
  author = {Tyler, David E.},
  journal = {The Annals of Statistics},
  volume = {15},
  number = {1},
  pages = {234 -- 251},
  year = {1987},
  publisher = {Institute of Mathematical Statistics}
}

%done
@article{ref:ProceedingsIEEE181359_RPCA_Review,
  title={Static and Dynamic Robust {PCA} and Matrix Completion: {A} Review},
  author={Vaswani, Namrata and Narayanamurthy, Praneeth},
  journal={Proceedings of the IEEE},
  volume={106},
  number={8},
  pages={1359--1379},
  year={2018},
  publisher={IEEE}
}

%done
@incollection{vidal2016robust,
  title={Robust principal component analysis},
  author={Vidal, Ren{\'e} and Ma, Yi and Sastry, S Shankar},
  booktitle={Generalized Principal Component Analysis},
  pages={63--122},
  year={2016},
  publisher={Springer}
}

% not cited
@book{vidal2016generalized,
  title={Generalized principal component analysis},
  author={Vidal, Ren{\'e} and Ma, Yi and Sastry, S Shankar},
  volume={5},
  year={2016},
  publisher={Springer}
}

%done
@inproceedings{ref:NIPS092080_Wrightetal_RPCA,
  title = {Robust Principal Component Analysis: Exact Recovery of Corrupted 
  		Low-Rank Matrices via Convex Optimization},
  author = {Wright, John and Ganesh, Arvind and Rao, Shankar and Peng, Yigang and Ma, Yi},
  booktitle = {Advances in Neural Information Processing Systems},
  pages = {2080--2088},
  year = {2009}
}

%done
@inproceedings{ref:ICASSP123925_RPCA,
  title = {Local Principal Component Pursuit for Nonlinear Datasets},
  author = {Wohlberg, Brendt and Chartrand, Rick and Theiler, James},
  booktitle = {2012 IEEE International Conference on Acoustics, Speech and Signal Processing (ICASSP)},
  pages = {3925 -- 3928},
  year = {2012},
  organization = {IEEE}
}

%done
@inproceedings{ref:NIPS102496_RPCA_OutlierPursuit,
  title = {Robust {PCA} via Outlier Pursuit},
  author = {Xu, Huan and Caramanis, Constantine and Sanghavi, Sujay},
  booktitle = {Advances in Neural Information Processing Systems},
  pages = {2496 -- 2504},
  year = {2010}
}

% not cited
@misc{xu2010principal,
  title={Principal component analysis with contaminated data: The high dimensional case},
  author={Xu, Huan and Caramanis, Constantine and Mannor, Shie},
  journal={arXiv preprint arXiv:1002.4658},
  year={2010}
}

%done
@article{ref:IEEETransactionsOnIT123047_PCA,
  title={Robust {PCA} Via Outlier Pursuit},
  author={Xu, Huan and Caramanis, Constantine and Sanghavi, Sujay},
  journal={IEEE transactions on information theory},
  volume={58},
  number={5},
  pages={3047--3064},
  year={2012},
  publisher={IEEE}
}

%done
@article{ref:TransactionsInInformationTheory13546_PCA,
  title = {Outlier-Robust {PCA}: The High-Dimensional Case},
  author = {Xu, Huan and Caramanis, Constantine and Mannor, Shie},
  journal = {IEEE Transactions on Information Theory},
  volume = {59},
  number = {1},
  pages = {546 -- 572},
  year = {2013},
  publisher = {IEEE}
}


%done
@inproceedings{ref:NIPS164152_PCA_SGD,
  title = {Fast Algorithms for Robust {PCA} Via Gradient Descent},
  author = {Yi, Xinyang and Park, Dohyung and Chen, Yudong and Caramanis, Constantine},
  booktitle = {Advances in neural information processing systems},
  pages = {4152 -- 4160},
  year = {2016}
}

% not cited, useful for the other paper
@article{ref:Biometrika14315_Samworth_PCA,
  title = {A Useful Variant of the {D}avis -- {K}ahan Theorem for Statisticians},
  author = {Yu, Yi and Wang, Tengyao and Samworth, Richard J},
  journal = {Biometrika},
  volume = {102},
  number = {2},
  pages = {315 -- 323},
  year = {2014},
  publisher = {Oxford University Press}
}

% done
@article{ref:JMLR14749_Lerman_PCA,
  title = {A Novel $M$-Estimator for Robust {PCA}},
  author = {Zhang, Teng and Lerman, Gilad},
  journal = {The Journal of Machine Learning Research},
  volume = {15},
  number = {1},
  pages = {749 -- 808},
  year = {2014},
  publisher = {JMLR. org}
}

% not cited
@article{ref:AoAS2131540_RSVD,
  title = {Robust Regularized Singular Value Decomposition With Application 
  	To Mortality Data},
  author={Zhang, Lingsong and Shen, Haipeng and Huang, Jianhua Z},
  journal={The Annals of Applied Statistics},
  pages={1540--1561},
  year={2013},
  publisher={JSTOR}
}

%done
@inproceedings{ref:ICML1455_PCA,
  title = {Robust Principal Component Analysis with Complex Noise},
  author = {Zhao, Qian and Meng, Deyu and Xu, Zongben and Zuo, Wangmeng and Zhang, Lei},
  booktitle = {International Conference on Machine Learning},
  pages = {55 -- 63},
  year = {2014}
}

%done
@inproceedings{ref:IEEEISIT101518_RPCA,
  title = {Stable Principal Component Pursuit},
  author = {Zhou, Zihan and Li, Xiaodong and Wright, John and Candes, Emmanuel and Ma, Yi},
  booktitle = {2010 IEEE international symposium on information theory},
  pages = {1518 -- 1522},
  year = {2010},
  organization = {IEEE}
}

%done
@inproceedings{ref:ICML11xx_PCA,
  title={Godec: {R}andomized Low-Rank \& Sparse Matrix Decomposition In Noisy Case},
  author={Zhou, Tianyi and Tao, Dacheng},
  booktitle={Proceedings of the 28th International Conference on Machine Learning, ICML 2011},
 pages={33--40},
  year={2011}
}